%% This BibTeX bibliography file was created using BibDesk.
%% http://bibdesk.sourceforge.net/


%% Created for kmorel at 2015-02-12 15:45:27 -0700 


%% Saved with string encoding Unicode (UTF-8) 



@article{Childs2013,
	Abstract = {As the visualization research community reorients its software to address up-coming challenges, it must successfully deal with diverse processor architectures, distributed systems, various data sources, massive parallelism, multiple input and output devices, and interactivity.
},
	Annote = {This article gives a high level overview of the challenges of large-scale HPC visualization in the exascale/extreme scale from a technical standpoint.  The issues raised are: Massive Parallelization, Processor Architectures and Programming Models, Application Architecture and Data Management, Data Models, Rendering, and Interaction.},
	Author = {Hank Childs and Berk Geveci and Will Schroeder and Jeremy Meredith and Kenneth Moreland and Christopher Sewell and Torsten Kuhlen and E. Wes Bethel},
	Date-Added = {2015-02-12 22:45:19 +0000},
	Date-Modified = {2015-02-12 22:45:19 +0000},
	Journal = {IEEE Computer},
	Month = {May},
	Note = {{DOI}~10.1109/MC.2013.179},
	Number = {5},
	Pages = {34--42},
	Title = {Research Challenges for Visualization Software},
	Volume = {46},
	Year = {2013},
	Bdsk-Url-1 = {http://dx.doi.org/10.1109/MC.2013.179}}

@book{ParaView,
	Annote = {Dude, its ParaView.},
	Author = {Utkarsh Ayachit},
	Date-Added = {2015-02-12 22:09:29 +0000},
	Date-Modified = {2015-02-12 22:09:29 +0000},
	Edition = {4.3},
	Month = {January},
	Note = {{ISBN} 978-1-930934-30-6},
	Publisher = {Kitware Inc.},
	Title = {The {ParaView} Guide: A Parallel Visualization Application},
	Year = {2015},
	Bdsk-Url-1 = {http://www.paraview.org}}

@manual{VisIt,
	Annote = {Dude, it's VisIt.},
	Date-Added = {2015-02-12 22:05:51 +0000},
	Date-Modified = {2015-02-12 22:05:51 +0000},
	Month = {October},
	Note = {Technical Report UCRL-SM-220449},
	Organization = {Lawrence Livermore National Laboratory},
	Title = {VisIt User's Manual},
	Year = {2005}}

@misc{ScientificDiscoveryExascale2011,
	Annote = {Workshop report on upcoming visualization challenges at exascale.  Big challenges include overcoming lower relative I/O rates through various more advanced I/O technologies such as in situ computations.  Also includes discussion on upcoming algorithmic challenges.},
	Author = {Sean Ahern and Arie Shoshani and Kwan-Liu Ma and others},
	Date-Added = {2015-02-12 21:22:17 +0000},
	Date-Modified = {2015-02-12 21:22:17 +0000},
	Howpublished = {Report from the DOE ASCR 2011 Workshop on Exascale Data Management, Analysis, and Visualization},
	Month = {February},
	Title = {Scientific Discovery at the Exascale},
	Year = {2011},
	Bdsk-Url-1 = {http://www.sandia.gov/~kmorel/documents/Exascale-ASCR-Analysis.pdf}}

@techreport{ExascaleArchitecturesReport,
	Annote = {Another workshop report for predicting exascale computers and the necessary changes for it.},
	Author = {Rick Stevens and Andrew White and others},
	Date-Added = {2015-02-12 21:22:08 +0000},
	Date-Modified = {2015-02-12 21:22:08 +0000},
	Institution = {ASCR Scientific Grand Challenges Workshop Series},
	Month = {December},
	Title = {Architectures and Technology for Extreme Scale Computing},
	Year = {2009},
	Bdsk-Url-1 = {http://science.energy.gov/~/media/ascr/pdf/program-documents/docs/Arch_tech_grand_challenges_report.pdf}}
